<record><leader>00000cas a2200000 a 4500</leader><controlfield tag="001">255665889</controlfield><controlfield tag="008">080922d194019uuilusn ne      0   a0eng c</controlfield><datafield ind1=" " ind2=" " tag="010"><subfield code="a">sn2008060452</subfield></datafield><datafield ind1=" " ind2=" " tag="040"><subfield code="a">NVF</subfield><subfield code="b">eng</subfield><subfield code="c">NVF</subfield><subfield code="d">NVF</subfield><subfield code="d">OCLCQ</subfield><subfield code="d">OCLCF</subfield><subfield code="d">OCLCO</subfield><subfield code="d">NVF</subfield><subfield code="d">OCLCO</subfield></datafield><datafield ind1=" " ind2=" " tag="042"><subfield code="a">pcc</subfield></datafield><datafield ind1=" " ind2=" " tag="043"><subfield code="a">n-us-il</subfield></datafield><datafield ind1="0" ind2="4" tag="245"><subfield code="a">The MacMurray College greetings.</subfield></datafield><datafield ind1=" " ind2=" " tag="260"><subfield code="a">Jacksonville, Ill. :</subfield><subfield code="b">MacMurray College for Women,</subfield><subfield code="c">1940-[19--?]</subfield></datafield><datafield ind1="3" ind2=" " tag="260"><subfield code="3">Sept. 26, 1953-&lt;&gt;</subfield><subfield code="a">Jacksonville, Ill. :</subfield><subfield code="b">MacMurray College</subfield></datafield><datafield ind1=" " ind2=" " tag="300"><subfield code="a">v.</subfield></datafield><datafield ind1=" " ind2=" " tag="310"><subfield code="a">Semimonthly (during the Fall and Spring semesters),</subfield><subfield code="b">Nov. 18, 1967-&lt;&gt;</subfield></datafield><datafield ind1=" " ind2=" " tag="321"><subfield code="a">Weekly (during the Fall and Spring semesters),</subfield><subfield code="b">Jan. 18, 1940-May 19, 1962</subfield></datafield><datafield ind1=" " ind2=" " tag="321"><subfield code="a">Biweekly (during the Fall and Spring semesters),</subfield><subfield code="b">Sept. 22, 1962-Nov. 4, 1967</subfield></datafield><datafield ind1="0" ind2=" " tag="362"><subfield code="a">Vol. 44, no. 15 (Jan. 18, 1940)-</subfield></datafield><datafield ind1=" " ind2=" " tag="525"><subfield code="a">Last issue of Spring semester includes Annual Spring Literary Supplement, 1940-1941.</subfield></datafield><datafield ind1=" " ind2=" " tag="530"><subfield code="a">Preservation microfilmed by the University of Illinois at Urbana-Champaign Library as part of the United States Newspaper Program; the years 1940-1968 (on 3 microfilm reels) are available for purchase from OCLC Preservation Service Centers.</subfield></datafield><datafield ind1=" " ind2=" " tag="588"><subfield code="a">Latest issue consulted: Vol. 74, no. 15 (May 31, 1968).</subfield></datafield><datafield ind1="2" ind2="0" tag="610"><subfield code="a">MacMurray College for Women</subfield><subfield code="x">Students</subfield><subfield code="z">Illinois</subfield><subfield code="z">Jacksonville</subfield><subfield code="v">Newspapers.</subfield></datafield><datafield ind1="2" ind2="0" tag="610"><subfield code="a">MacMurray College</subfield><subfield code="x">Students</subfield><subfield code="z">Illinois</subfield><subfield code="z">Jacksonville</subfield><subfield code="v">Newspapers.</subfield></datafield><datafield ind1=" " ind2="0" tag="650"><subfield code="a">Women</subfield><subfield code="x">Education</subfield><subfield code="z">Illinois</subfield><subfield code="z">Jacksonville</subfield><subfield code="v">Newspapers.</subfield></datafield><datafield ind1=" " ind2="0" tag="650"><subfield code="a">Women college students</subfield><subfield code="z">Illinois</subfield><subfield code="z">Jacksonville</subfield><subfield code="v">Newspapers.</subfield></datafield><datafield ind1=" " ind2="0" tag="650"><subfield code="a">Women's colleges</subfield><subfield code="z">Illinois</subfield><subfield code="z">Jacksonville</subfield><subfield code="v">Newspapers.</subfield></datafield><datafield ind1=" " ind2="0" tag="650"><subfield code="a">Church college students</subfield><subfield code="z">Illinois</subfield><subfield code="z">Jacksonville</subfield><subfield code="v">Newspapers.</subfield></datafield><datafield ind1=" " ind2="0" tag="650"><subfield code="a">Methodist universities and colleges</subfield><subfield code="z">Illinois</subfield><subfield code="z">Jacksonville</subfield><subfield code="v">Newspapers.</subfield></datafield><datafield ind1=" " ind2="0" tag="650"><subfield code="a">College student newspapers and periodicals</subfield><subfield code="z">Illinois</subfield><subfield code="z">Jacksonville.</subfield></datafield><datafield ind1=" " ind2="0" tag="651"><subfield code="a">Jacksonville (Ill.)</subfield><subfield code="v">Newspapers.</subfield></datafield><datafield ind1=" " ind2="7" tag="651"><subfield code="a">Illinois</subfield><subfield code="z">Jacksonville.</subfield><subfield code="2">fast</subfield><subfield code="0">(OCoLC)fst01214078</subfield></datafield><datafield ind1=" " ind2="7" tag="655"><subfield code="a">Newspapers.</subfield><subfield code="2">fast</subfield><subfield code="0">(OCoLC)fst01423814</subfield></datafield><datafield ind1=" " ind2=" " tag="752"><subfield code="a">United States</subfield><subfield code="b">Illinois</subfield><subfield code="c">Morgan</subfield><subfield code="d">Jacksonville.</subfield></datafield><datafield ind1="0" ind2="0" tag="780"><subfield code="t">College greetings</subfield><subfield code="w">(DLC)sn2008060451</subfield><subfield code="w">(OCoLC)255643772</subfield></datafield></record>